
@article{rdfs1,
  title={Enabling knowledge representation on the web by extending RDF schema},
  author={Broekstra, Jeen and Klein, Michel and Decker, Stefan and Fensel, Dieter and Van Harmelen, Frank and Horrocks, Ian},
  journal={Computer networks},
  volume={39},
  number={5},
  pages={609--634},
  year={2002},
  publisher={Elsevier}
}
@inproceedings{pellet,
  title={Pellet: An OWL DL reasoner},
  author={Sirin, Evren and Parsia, Bijan},
  booktitle={Proc. of the 2004 Description Logic Workshop (DL 2004)},
  pages={212--213},
  year={2004}
}

@book{angularjs1,
  title={AngularJS},
  author={Green, Brad and Seshadri, Shyam},
  year={2013},
  publisher={O'Reilly Media, Inc.}
}

@book{angularjs2,
  title={AngularJS web application development},
  author={Darwin, Peter Bacon and Kozlowski, Pawel},
  year={2013},
  publisher={Packt Publishing}
}

@incollection{angularjs3,
  title={The Anatomy of an AngularJS App},
  author={Freeman, Adam},
  booktitle={Pro AngularJS},
  pages={207--231},
  year={2014},
  publisher={Springer}
}

@book{phonegap,
  title={Beginning PhoneGap: mobile web framework for JavaScript and Html5},
  author={Ghatol, Rohit and Patel, Yogesh},
  year={2012},
  publisher={Apress}
}

@misc{geojson,
  title={The GeoJSON Format Specification},
  author={Butler, Howard and Daly, Martin and Doyle, Allan and Gillies, Sean and Schaub, Tim and Schmidt, Christopher},
  journal={2009-03]. http://www. geojson. org/geojson-spec. html},
  year={2008}
}

@misc{apachecordova,
  title={About Apache Cordova},
  author={Cordova, Apache},
  year={2013},
  publisher={Apache Software Foundation, accessed}
}

@article{twbts,
  title={At the forge: Twitter bootstrap},
  author={Lerner, Reuven M},
  journal={Linux Journal},
  volume={2012},
  number={218},
  pages={6},
  year={2012},
  publisher={Belltown Media}
}

@article{twitterbootstrap,
  title={Twitter Bootstrap},
  author={Otto, Mark and Thornton, Jacob and Rebert, Chris and Thilo, Julian and others},
  journal={Dostupn{\'e} z: http://twitter. github. io/bootstrap/base-css. html},
  year={2012}
}

@article{gpx,
  title={GPX: the GPS exchange format},
  author={Foster, Dan},
  journal={Retrieved on},
  volume={2},
  year={2007}
}


@article{tilkov2010node,
  title={Node.js: Using JavaScript to Build High-Performance Network Programs.},
  author={Tilkov, Stefan and Vinoski, Steve},
  journal={IEEE Internet Computing},
  volume={14},
  number={6},
  year={2010}
}

@article{berners2001semantic,
  title={The semantic web},
  author={Berners-Lee, Tim and Hendler, James and Lassila, Ora and others},
  journal={Scientific american},
  volume={284},
  number={5},
  pages={28--37},
  year={2001},
  publisher={New York, NY, USA:}
}

@article{mcguinness2004owl,
  title={OWL web ontology language overview},
  author={McGuinness, Deborah L and Van Harmelen, Frank and others},
  journal={W3C recommendation},
  volume={10},
  number={2004-03},
  pages={10},
  year={2004}
}

@incollection{bechhofer2009owl,
  title={OWL: Web ontology language},
  author={Bechhofer, Sean},
  booktitle={Encyclopedia of Database Systems},
  pages={2008--2009},
  year={2009},
  publisher={Springer}
}

@article{sparqlprotocol,
  title={SPARQL protocol for RDF},
  author={Clark, Kendall Grant and Feigenbaum, Lee and Torres, Elias},
  journal={World Wide Web Consortium (W3C) Recommendation},
  year={2008}
}

@article{sparqlquery,
  title={SPARQL query language for RDF},
  author={Prud’Hommeaux, Eric and Seaborne, Andy and others},
  journal={W3C recommendation},
  volume={15},
  year={2008}
}

@article{sparqlupdate,
  title={SPARQL/Update: A language for updating RDF graphs},
  author={Seaborne, Andy and Manjunath, Geetha and Bizer, Chris and Breslin, John and Das, Souripriya and Davis, Ian and Harris, Steve and Idehen, Kingsley and Corby, Olivier and Kjernsmo, Kjetil and others},
  journal={W3C Member Submission},
  volume={15},
  year={2008}
}

@article{geosparqlspec,
  title={OGC geosparql, a geographic query language for rdf data},
  author={Perry, Matthew and Herring, John},
  journal={OGC Implementation Standard, ref: OGC},
  year={2011}
}

@article{battle2011linking,
  title={Linking geospatial data with GeoSPARQL},
  author={Battle, Robert and Kolas, Dave},
  journal={Semantic Web Journal of Interoperability, Usability, Applicability},
  volume={24},
  year={2011}
}

@article{battle2012enabling,
  title={Enabling the geospatial semantic web with Parliament and GeoSPARQL},
  author={Battle, Robert and Kolas, Dave},
  journal={Semantic Web},
  volume={3},
  number={4},
  pages={355--370},
  year={2012},
  publisher={IOS Press}
}

@article{gmlspec,
  title={OpenGIS{\textregistered} Geography Markup Language (GML) Implementation Specification, version},
  author={Cox, Simon and Cuthbert, Adrian and Daisey, Paul and Davidson, John and Johnson, Sandra and Keighan, Edric and Lake, Ron and Mabrouk, Marwa and Margoulies, Serge and Martell, Richard and others},
  year={2002}
}

@article{rdfprimer10,
  title={RDF primer},
  author={Manola, Frank and Miller, Eric and McBride, Brian and others},
  journal={W3C recommendation},
  volume={10},
  pages={1--107},
  year={2004}
}

@article{wkt,
  title={OpenGIS{\textregistered} Implementation Specification for Geographic information-Simple feature access-Part 1: Common architecture},
  author={Open Geospatial Consortium and others},
  journal={OGC document},
  year={2011},
  chapter={7}
}

@article{xmlschema,
  title={XML Schema - 2: Datatypes},
  author={Part, XML Schema},
  journal={W3C Recommendation},
  volume={2},
  year={2001},
  publisher={http:∥ www. w3. org/TR/2001/REC-xmlschema-2}
}

@article{rdfschema,
  title={$\{$RDF vocabulary description language 1.0: RDF schema$\}$},
  author={Brickley, Dan and Guha, Ramanathan V},
  year={2004}
}



@article{foafspec,
  title={FOAF vocabulary specification 0.98},
  author={Brickley, Dan and Miller, Libby},
  journal={Namespace Document},
  volume={9},
  year={2012}
}

@article{dublincorespec,
  title={Dublin core metadata element set, version 1.1},
  author={Dublin Core Metadata Initiative and others},
  year={2008},
  publisher={Dublin Core Metadata Initiative}
}

@article{schemaspec,
  title={HTML5 Microdata and Schema. org.},
  author={Ronallo, Jason},
  journal={Code4Lib Journal},
  number={16},
  year={2011}
}

@article{chandrasekaran1999ontologies,
  title={What are ontologies, and why do we need them?},
  author={Chandrasekaran, Balakrishnan and Josephson, John R and Benjamins, V Richard and others},
  journal={IEEE Intelligent systems},
  volume={14},
  number={1},
  pages={20--26},
  year={1999}
}

@article{rfc3986,
  title={RFC 3986: Uniform resource identifier (uri): Generic syntax},
  author={Berners-Lee, Tim and Fielding, Roy and Masinter, Larry},
  journal={The Internet Society},
  year={2005}
}

@techreport{rfc3987,
  title={Internationalized resource identifiers (IRIs)},
  author={D{\"u}rst, Martin and Suignard, Michel},
  year={2005},
  institution={RFC 3987, January}
}

@online{rdfprimer11,
  author = {W3C},
  title = {RDF 1.1 Primer},
  month = feb,
  year = {2014},
  url = {http://www.w3.org/TR/rdf11-primer/},
  urldate = {2014-06-01}
}

@online{w3contologies,
  author = {W3C},
  title = {Ontologies - W3C},
  url = {http://www.w3.org/standards/semanticweb/ontology},
  urldate = {2014-06-01}
}

@online{parliament,
  author = {SemWebCentral},
  title = {Parliament homepage},
  url = {http://parliament.semwebcentral.org/},
  urldate = {2014-06-08}
}

@online{esrigis,
  author = {ESRI},
  title = {What is GIS - Overview},
  url = {http://www.esri.com/what-is-gis/overview#overview_panel},
  urldate = {2014-06-02}
}

@online{giswikigis,
  title = {GIS Wiki - GIS},
  url = {http://wiki.gis.com/wiki/index.php/GIS},
  urldate = {2014-06-02}
}

@online{v8,
  title={v8 Javascript Engine},
  url={https://code.google.com/p/v8/},
  urldate = {2014-06-14}
}

@online{leafletjs,
  title={Leaflet - An Open-Source JavaScript Library for Mobile-Friendly Interactive Maps},
  url={https://leafletjs.com/},
  urldate = {2014-06-15}
}

@misc{gruber1993ontology,
  title={What is an Ontology},
  author={Gruber, Tom},
  year={1993}
}

@online{bower,
  title={Bower - A package manager for the web},
  url={http://bower.io/},
  urldate={2014-06-17}
}

@online{drawio,
  title={draw.io},
  url={https://www.draw.io/},
  urldate={2014-06-18}
}

@online{protege1,
  title={Prot\'eg\'e},
  url={http://protege.stanford.edu/},
  urldate={2014-06-18}
}

@incollection{protege2,
  title={The knowledge model of Protege-2000: Combining interoperability and flexibility},
  author={Noy, Natalya Fridman and Fergerson, Ray W and Musen, Mark A},
  booktitle={Knowledge Engineering and Knowledge Management Methods, Models, and Tools},
  pages={17--32},
  year={2000},
  publisher={Springer}
}

@incollection{protege3,
  title={The Prot{\'e}g{\'e} OWL plugin: An open development environment for semantic web applications},
  author={Knublauch, Holger and Fergerson, Ray W and Noy, Natalya F and Musen, Mark A},
  booktitle={The Semantic Web--ISWC 2004},
  pages={229--243},
  year={2004},
  publisher={Springer}
}

@inproceedings{protege4,
  title={The Protege OWL Experience.},
  author={Knublauch, Holger and Horridge, Matthew and Musen, Mark A and Rector, Alan L and Stevens, Robert and Drummond, Nick and Lord, Phillip W and Noy, Natalya Fridman and Seidenberg, Julian and Wang, Hai},
  booktitle={OWLED},
  year={2005}
}

@book{sass,
  title={Pragmatic guide to Sass},
  author={Catlin, Hampton and Catlin, Michael Lintorn},
  year={2011},
  publisher={Pragmatic Bookshelf}
}

@incollection{css,
  title={Cascading Style Sheets},
  author={Reed, Duncan and Thomas, Peter J},
  booktitle={Essential HTML fast},
  pages={111--121},
  year={1998},
  publisher={Springer}
}

@book{uml,
  title={Unified Modeling Language Reference Manual, The},
  author={Rumbaugh, James and Jacobson, Ivar and Booch, Grady},
  year={2004},
  publisher={Pearson Higher Education}
}

@inproceedings{d2rq,
  title={D2RQ-treating non-RDF databases as virtual RDF graphs},
  author={Bizer, Christian and Seaborne, Andy},
  booktitle={Proceedings of the 3rd international semantic web conference (ISWC2004)},
  volume={2004},
  year={2004}
}

@online{postgis,
  title={PostGIS - Spatial and Geographic Object for PostgreSQL},
  url={http://postgis.net/},
  urldate={2014-06-18}
}

@online{postgres,
  title={PostgreSQL: The world's most advanced open source database},
  url={http://www.postgresql.org/},
  urldate={2014-06-18}
}

@online{pelletweb,
  title={Pellet: OWL 2 Reasoner for Java},
  url={http://clarkparsia.com/pellet/},
  urldate={2014-06-18}
}

@online{linkingopendata,
  title={The Linking Open Data project},
  url={http://www.w3.org/wiki/SweoIG/TaskForces/CommunityProjects/LinkingOpenData},
  urldate={2014-06-18}
}

@article{linkeddata,
  title={Linked data-the story so far},
  author={Bizer, Christian and Heath, Tom and Berners-Lee, Tim},
  journal={International journal on semantic web and information systems},
  volume={5},
  number={3},
  pages={1--22},
  year={2009}
}

@inproceedings{linkeddataprinciples,
  title={Linked data: Principles and state of the art},
  author={Bizer, Christian and Heath, Tom and Berners-Lee, Tim},
  booktitle={World Wide Web Conference},
  year={2008}
}

@article{rest,
  title={Representational state transfer},
  author={Fielding, Roy},
  journal={Architectural Styles and the Design of Netowork-based Software Architecture},
  pages={76--85},
  year={2000}
}

@article{html5,
  title={Html5},
  author={Hickson, Ian and Hyatt, David},
  journal={W3C Working Draft WD-html5-20110525, May},
  year={2011}
}

@misc{ecmascript,
  title={ECMAScript Language Specification},
  author={ECMAScript, ECMA and European Computer Manufacturers Association and others},
  year={2011}
}

@article{websocket,
  title={The WebSocket protocol},
  author={Fette, Ian and Melnikov, Alexey},
  year={2011}
}

@article{ajax,
  title={Ajax: A new approach to web applications},
  author={Garrett, Jesse James and others},
  year={2005}
}

@book{mongodb,
  title={MongoDB: the definitive guide},
  author={Chodorow, Kristina},
  year={2013},
  publisher={" O'Reilly Media, Inc."}
}

@article{rwd,
  title={Responsive Web Design},
  author={Natda, Kailashkumar V},
  journal={Eduvantage},
  volume={1},
  number={1},
  year={2013}
}

@online{googlestyle,
  title={Google JavaScript Style Guide},
  url={http://javascript.crockford.com/code.html},
  urldate={2014-06-21}
}

@online{atom,
  title={Atom - A hackable text editor for the 21st century},
  url={https://atom.io/},
  urldate={2014-06-21}
}

@online{sublime,
  title={Sublime Text: The editor you'll fall in love with},
  url={http://www.sublimetext.com/},
  urldate={2014-06-21}
}

@online{yo,
  title={The web's scaffolding tool for moders webapps | Yeoman},
  url={http://yeoman.io/},
  urldate={2014-06-21}
}

@online{grunt,
  title={Grunt: The JavaScript Task Runner},
  url={http://gruntjs.com/},
  urldate={2014-06-21}
}

@online{flowjs,
  title={HTML5 File Upload},
  url={https://github.com/flowjs},
  urldate={2014-06-22}
}

@article{jslint,
  title={JSLint: The JavaScript code quality tool},
  author={Crockford, Douglas},
  journal={URL http://www. jslint. com},
  volume={95},
  year={2010}
}

@article{git,
  title={Git: Fast version control system},
  author={Torvalds, Linus and Hamano, Junio},
  journal={URL http://git-scm. com},
  year={2010}
}

@article{sparql-json,
  title={Serializing sparql query results in json},
  author={Clark, Kendall Grant and Feigenbaum, Lee and Torres, Elias},
  journal={World Wide Web Consortium, Note NOTE-rdf-sparql-json-res-20070618},
  year={2007}
}

@misc{socketio,
  title={Socket. IO-the cross-browser WebSocket for realtime apps},
  author={Rauch, Guillermo},
  year={2013}
}

@online{jasmine,
  title={Jasmine - Behavior Driven JavaScript},
  url={http://jasmine.github.io/},
  urldate={2014-06-25}
}

@online{sorelcom,
  title={SORELCOM ontology},
  url={http://www.morelab.deusto.es/ontolgies/sorelcom},
  urldate={2014-06-27}
}